% This file was created with JabRef 2.6.
% Encoding: Cp1252

@ARTICLE{Askvall1985,
  author = {S. Askvall},
  title = {Computer supported reading vs. reading text on paper: A comparison
	of two reading situasions},
  journal = {International Journal on Man-Machine Studies},
  year = {1985},
  volume = {4},
  pages = {425-439},
  number = {22}
}

@BOOK{Card1983,
  title = {The psychology of human-computer interaction},
  publisher = {Erlbaum},
  year = {1983},
  author = {S. K. Card and T. P. Moran and A. Newell}
}

@MISC{HiG:Website,
  author = {HiG},
  title = {HiG Website},
  howpublished = {\url{http://www.hig.no}},
  year = {2010}
}

@INPROCEEDINGS{Lancaster1985,
  author = {F. W. Lancaster and A. Warner},
  title = {Electronic publication and its impact on the presentation of information},
  booktitle = {The technology of text: Principles for structuring, designing, and
	displaying text},
  year = {1985},
  editor = {D. H. Jonassen},
  pages = {292-309},
  publisher = {Educational Technology Publications}
}

@MISC{Meldon1997,
  author = {W. Meldon},
  title = {Reading from the web},
  howpublished = {\url{http://www.mit.edu/compsci/humanfactors/report9734.html}},
  year = {1997},
  note = {(Visited Nov. 2000)}
}

@MISC{BallBouncer,
  author = {Jana Sieber},
  title = {Ballbouncer},
  howpublished = {web},
  month = {March},
  year = {2009},
  owner = {simonm},
  timestamp = {2010.05.18}
}

@MISC{GUCMaster,
  title = {Directions for the Master's Thesis at the {D}epartment of {C}omputer
	{S}cience and {M}edia {T}echnology, {G}j√∏vik {U}niversity {C}ollege},
  howpublished = {http://www.hi.gno/imt/index.php?id=205},
  note = {(Visited March 2005)}
}

@CONFERENCE{,
  owner = {simonm},
  timestamp = {2010.05.18}
}


@MISC{xamarinRef,
  author = {},
  title = {Xamarin},
  howpublished = {\url{https://xamarin.com}},
  year = {},
  note = {(Visited April 2014)}
}

@MISC{WikiScriptVSScript,
  author = {},
  title = {UnityScript vs JavaScript},
  howpublished = {\url{http://wiki.unity3d.com/index.php/UnityScript_versus_JavaScript}},
  year = {2013},
  note = {(Vistied April 2014)}
}

@MISC{ECMAscipt,
  author = {},
  title = {(ECMAScript)},
  howpublished = {\url{http://www.ecmascript.org}},
  note = {(Vistied April 2014)}
}


